% Encoding: UTF-8

@Article{Forastiere:2021,
  author    = {Laura Forastiere and Edoardo M. Airoldi and Fabrizia Mealli},
  title     = {Identification and Estimation of Treatment and Interference Effects in Observational Studies on Networks},
  journal   = {Journal of the American Statistical Association},
  year      = {2021},
  volume    = {116},
  number    = {534},
  pages     = {901-918},
  doi       = {10.1080/01621459.2020.1768100},
  publisher = {Taylor \& Francis},
  url       = {https://doi.org/10.1080/01621459.2020.1768100},
}

@Article{Liu:2016,
  author  = {Liu, L. and Hudgens, M. G. and Becker-Dreps, S.},
  title   = {{On inverse probability-weighted estimators in the presence of interference}},
  journal = {Biometrika},
  year    = {2016},
  volume  = {103},
  number  = {4},
  pages   = {829-842},
  month   = {12},
  issn    = {0006-3444},
  doi     = {10.1093/biomet/asw047},
  url     = {https://doi.org/10.1093/biomet/asw047},
}

@Article{VanDerLaan:2014,
  author    = {Van der Laan, Mark J},
  title     = {Causal inference for a population of causally connected units},
  journal   = {Journal of Causal Inference},
  year      = {2014},
  volume    = {2},
  number    = {1},
  pages     = {13--74},
  publisher = {De Gruyter},
}

@Article{Sofrygin:2017,
  author    = {Sofrygin, Oleg and van der Laan, Mark J},
  title     = {Semi-parametric estimation and inference for the mean outcome of the single time-point intervention in a causally connected population},
  journal   = {Journal of Causal Inference},
  year      = {2017},
  volume    = {5},
  number    = {1},
  publisher = {De Gruyter},
}

@Article{Ogburn:2017,
  author  = {Ogburn, Elizabeth L and Sofrygin, Oleg and Diaz, Ivan and Van der Laan, Mark J},
  title   = {Causal inference for social network data},
  journal = {arXiv preprint arXiv:1705.08527},
  year    = {2017},
}

@Article{Sanchez:2021,
  author = {S{\'a}nchez-Becerra, Alejandro},
  title  = {Spillovers, Homophily, and Selection into Treatment: The Network Propensity Score},
  year   = {2021},
  month  = mar,
  url    = {https://economics.sas.upenn.edu/system/files/2021-03/AlejandroSanchez_JMP_March2021_0.pdf},
}

@Article{Jackson:2020,
  author  = {Jackson, Matthew O and Lin, Zhongjian and Yu, Ning Neil},
  title   = {Adjusting for peer-influence in propensity scoring when estimating treatment effects},
  journal = {Available at SSRN 3522256},
  year    = {2020},
}

@Comment{jabref-meta: databaseType:bibtex;}
